<collection xmlns="http://www.loc.gov/MARC21/slim"><record><leader>00770nam  2200241   450</leader><controlfield tag="001">694</controlfield><controlfield tag="003">http://montalegre.opacnet.com/OPAC/default.aspx?ContentAreaControl=ShowRegHoldings.ascx&amp;RegNo=16662</controlfield><datafield tag="010" ind1=" " ind2=" "><subfield code="a">978-989-616-139-2</subfield></datafield><datafield tag="021" ind1=" " ind2=" "><subfield code="a">PT</subfield><subfield code="b">257123/2007</subfield></datafield><datafield tag="100" ind1=" " ind2=" "><subfield code="a">20070719d20062007m y0pory0103 ba</subfield></datafield><datafield tag="101" ind1="0" ind2=" "><subfield code="a">por</subfield></datafield><datafield tag="102" ind1=" " ind2=" "><subfield code="a">PT</subfield></datafield><datafield tag="200" ind1="1" ind2=" "><subfield code="a">&lt;A &gt;fórmula de Deus</subfield><subfield code="f">José Rodrigues dos Santos</subfield><subfield code="g">revisão do texto de Luís Milheiro</subfield></datafield><datafield tag="205" ind1=" " ind2=" "><subfield code="a">11ª edição</subfield></datafield><datafield tag="210" ind1=" " ind2=" "><subfield code="a">Lisboa</subfield><subfield code="c">Gradiva</subfield><subfield code="d">2007</subfield></datafield><datafield tag="215" ind1=" " ind2=" "><subfield code="a">574 p.</subfield><subfield code="d">23 cm</subfield></datafield><datafield tag="606" ind1=" " ind2=" "><subfield code="a">Literatura portuguesa</subfield></datafield><datafield tag="608" ind1=" " ind2=" "><subfield code="a">Romance</subfield></datafield><datafield tag="675" ind1=" " ind2=" "><subfield code="a">821.134.3</subfield></datafield><datafield tag="700" ind1=" " ind2="1"><subfield code="a">Santos</subfield><subfield code="b">José Rodrigues dos</subfield><subfield code="f">1964-</subfield></datafield><datafield tag="702" ind1=" " ind2="1"><subfield code="a">Milheiro</subfield><subfield code="b">Luís</subfield><subfield code="4">675</subfield></datafield><datafield tag="801" ind1=" " ind2="0"><subfield code="a">PT</subfield><subfield code="b">Biblioteca Municipal de Montalegre</subfield><subfield code="g">RPC</subfield></datafield><datafield tag="856" ind1=" " ind2=" "><subfield code="u">locateMedia.asp?cod=20070719152744&amp;ext=jpg</subfield><subfield code="z">CAPA</subfield></datafield><datafield tag="909" ind1="&#9;" ind2=" "><subfield code="a">1</subfield></datafield><datafield tag="966" ind1=" " ind2=" "><subfield code="a">0016939</subfield><subfield code="l">BMM</subfield><subfield code="s">SCG 821.134.3 SAN fór</subfield></datafield></record></collection>